2414 4470
359 341 365 363 ,
399 300 440 342 rr
472 298 592 343 arur.
624 280 700 340 1.1.
1006 282 1044 348 11

122 443 167 504 22.
203 445 350 520 Consilium
367 444 387 502 i.
406 464 430 500 s.
449 443 571 498 animum
589 441 636 498 rel
654 442 836 517 propositum.
859 444 928 500 Hee.
947 430 998 500 in.
1019 443 1045 508 5.

52 535 101 597 42.
121 542 186 597 Nan
199 556 238 599 est
251 543 400 617 consiliatur,
416 553 506 612 puter.
522 536 742 594 Sallnst.Cat.‘l.·
754 541 819 594 Non
828 534 1047 615 suit.consilisrm
1116 526 1119 531 Ι

53 638 177 697 secordia
194 653 275 711 atque
291 638 394 690 desidia
411 637 509 690 bonurn
522 640 606 691 otium
618 651 759 701 conterere,
775 632 823 690 ubi
838 637 897 691 vid.
912 638 1047 701 Conium.

123 729 169 789 24.
211 735 298 809 Nam.
316 731 452 810 eleganter
479 733 595 785 inservit
619 732 770 785 transitioni
794 749 821 785 er.
850 734 1048 789 contrectandae

40 830 189 899 'otstionh
229 827 364 903 Exempla
389 841 452 882 suut
469 824 540 901 apud
559 828 713 881 Manutium
732 828 761 880 in
780 828 838 883 Cic.
857 828 889 883 ad
908 830 977 885 Dir.
995 833 1047 886 III.

56 925 99 983 ιι.
123 928 159 986 v.
183 924 226 979 ro.
241 924 369 982 oron...
387 923 421 980 u
438 924 503 980 nr.
520 906 627 977 xxix.
647 920 674 982 e.
694 922 722 976 9.
745 940 772 978 .ι
798 924 902 981 ou...
922 927 955 980 aa
971 926 1050 984 rura

57 1039 182 1102 prooem.
199 1020 227 1083 2.
245 1042 271 1095 p.
291 1015 318 1074 4.

98 1161 102 1167 .
127 1117 203 1174 Ibid.
238 1118 359 1177 Excessit
371 1136 412 1168 er
430 1114 536 1191 ephebis
552 1115 573 1171 i.
589 1134 613 1168 e.
632 1115 859 1191 exeeseitannrsm
873 1119 1048 1177 vicesimum·
1150 1158 1153 1163 -

56 1215 121 1270 Hoc
139 1231 230 1269 autem
248 1212 461 1284 intelligendum
481 1226 521 1264 est
538 1226 573 1265 ert
590 1209 714 1281 moribus
733 1212 959 1282 Atheniensium,
976 1216 1050 1290 apud

59 1328 130 1386 qnos
148 1308 253 1384 ephebi
273 1324 347 1364 erant
364 1304 547 1363 adolescentes
565 1307 718 1361 octodecim
737 1327 886 1376 asinorum,
914 1313 963 1385 qui
980 1314 1054 1368 rufe.
1129 1335 1133 1340 ·

60 1405 189 1481 rebantur
212 1407 284 1462 inter
302 1407 477 1472 circuitores,
502 1401 549 1458 vel
567 1420 632 1469 eos,
654 1405 702 1477 qni
719 1405 858 1483 regionem
876 1409 993 1462 Atticam
1012 1428 1053 1462 ar·

60 1504 128 1561 mati
144 1503 338 1560 oirounri1·ent;
366 1501 415 1554 ubi
434 1499 581 1554 biennium
595 1498 665 1552 inter·
679 1501 835 1556 circuitores
851 1502 984 1570 luissent,
1004 1525 1052 1558 ex·

60 1595 193 1655 cedebant
220 1617 254 1653 ex
280 1596 395 1672 ephebia
413 1614 441 1651 et
457 1612 532 1652 extra
550 1596 666 1653 Atticam
684 1595 847 1655 militabant.
871 1602 955 1667 'Rem
975 1620 1053 1656 seen·

60 1709 118 1751 rate
135 1692 257 1768 explieat
274 1691 374 1754 Pollux
392 1697 469 1755 VIII.
490 1690 550 1746 1⁰5.

58 1858 60 1865 Α
129 1787 173 1844 25.
216 1791 311 1865 Libere
333 1789 559 1855 viveradicum,
585 1791 635 1863 qui
651 1808 744 1863 parum
763 1768 935 1844 continenter
951 1808 978 1846 st
993 1811 1054 1846 mo·

62 1886 139 1942 desta
152 1889 235 1956 vivit,
243 1889 278 1942 ‘iu
288 1885 428 1941 licentiam
443 1883 614 1959 prolabitur:
633 1886 680 1941 sed
694 1887 893 1958 comparativus
904 1887 930 1943 b.
940 1885 959 1940 l.
969 1889 1054 1965 signi·

62 1983 220 2038 ficationem
243 1983 361 2049 minuit,
388 1999 419 2040 ut
443 1983 550 2037 liberius
576 1987 666 2036 cicere
684 1983 720 2036 sit
737 1983 831 2057 paullo
849 1984 954 2036 maiore
969 1982 1054 2037 liber·

62 2094 117 2134 tate
133 2081 162 2134 iu
179 2080 237 2133 vita
255 2077 355 2159 agenda
382 2079 439 2143 uti,
464 2097 544 2151 qnam
563 2093 624 2132 ante
641 2078 738 2131 solitus
756 2096 836 2133 esses.
873 2078 959 2135 Ovid.
982 2081 1054 2134 fast.
1110 2128 1114 2139 ,

62 2175 115 2230 III.
135 2172 196 2226 ttss.
215 2172 248 2226 d'e
265 2171 395 2228 omnibus
408 2170 652 2252 adolescentibus,
672 2166 720 2246 ¹qui
738 2190 829 2250 togam
848 2172 960 2230 virilem
981 2194 1055 2230 snm-

63 2271 179 2336 sisesm,
197 2273 312 2324 sumitur
329 2281 354 2321 et
372 2273 443 2322 vitae
460 2270 589 2322 liberioris
606 2273 663 2321 iter.
707 2268 752 2323 De
778 2290 808 2324 ea
831 2272 862 2326 vi
879 2273 1057 2344 comparativi

64 2362 124 2420 vid.
142 2365 255 2422 Vossius
273 2361 307 2416 de
324 2360 401 2418 Auel.
422 2366 457 2417 11.
476 2363 519 2416 23.
537 2385 565 2438 p.
585 2362 649 2418 252.

133 2459 178 2514 2Ί.
215 2460 355 2514 Prohibere
373 2476 412 2516 est
436 2459 554 2520 verbum
572 2459 741 2533 discipliuae,
761 2481 814 2539 qua
829 2461 1013 2519 adolescentes
1025 2465 1066 2518 iuv
1087 2490 1089 2495 ·

65 2558 160 2637 officio
180 2556 361 2616 continentur.
384 2555 449 2616 Vid.
467 2560 616 2614 Bunuann.
641 2557 675 2610 ed
696 2556 826 2630 Calpurn.
851 2559 910 2613 Ecl.
934 2564 985 2618 tv.
1012 2561 1057 2617 20.

65 2653 207 2743 Megister
224 2667 264 2708 est
281 2655 432 2726 praefectus
449 2652 639 2728 epheborum,
664 2654 735 2727 apud
761 2675 842 2733 quem
861 2657 1059 2712 exercebantur

67 2763 95 2804 et
112 2767 203 2804 severe
221 2749 365 2823 disciplina
382 2749 600 2805 continebantur.
690 2798 698 2815 ,

134 2843 178 2902 28.
213 2847 337 2922 Plerique
355 2866 441 2902 omnes
458 2847 477 2902 i.
496 2867 519 2901 e.
539 2848 595 2900 fere
613 2864 717 2913 omnes,
733 2846 817 2901 maior
832 2865 900 2919 pars.
919 2850 993 2902 Haec
1008 2868 1059 2904 vo·

70 2937 265 3014 osbula‘saepe
286 2942 447 3019 iunguntur.
468 2942 578 3005 Phorm.
598 2946 620 2996 1.
634 2941 663 2999 3.
681 2940 723 2994 20.
751 2944 873 3016 Plerique
891 2946 997 3016 ingenio
1014 2967 1060 3002 su.

72 3053 130 3091 mus
143 3055 242 3091 ontnes.
262 3038 337 3093 Caes.
355 3037 389 3092 de
403 3041 435 3092 B.
451 3039 485 3092 G.
502 3041 540 3091 II.
558 3037 601 3091 30.
620 3032 754 3110 Plerisque
770 3040 889 3098 cornibus
897 3041 988 3095 Gallis
1002 3044 1060 3095 bre·
1146 3102 1149 3107 p

71 3135 142 3187 vitas
160 3147 250 3188 nostra
268 3139 409 3217 contemtui
424 3149 472 3202 est,
491 3135 540 3189 ubi
556 3134 615 3189 vid.
636 3138 802 3207 Interpretes.
839 3137 884 3195 Sic
901 3138 972 3209 ³¹1⁸!
987 3140 1060 3191 Hirt.

18 3217 23 3223 ’
72 3226 108 3282 de
132 3230 165 3282 B.
189 3229 248 3283 Atr.
267 3249 292 3283 c.
310 3227 380 3282 63.
371 3246 523 3309 innonatur
538 3251 625 3286 ornnes
640 3233 737 3307 rtlsqsn
754 3233 812 3285 alii.
847 3234 928 3306 Apud
947 3236 1062 3289 Graecos

73 3288 202 3398 frequens
217 3340 257 3380 est·
269 3293 387 3404 nleroree
401 3324 507 3384 rederet.
524 3329 590 3384 Vid.
607 3328 685 3383 Boeii
699 3327 760 3381 Ind.
774 3329 876 3399 Nepet.
890 3346 918 3380 r.
931 3331 1061 3414 plerique

143 3419 187 3476 29.
223 3419 345 3476 Studiurn'
362 3421 508 3490 dicitur‚'
499 3443 530 3477 ru
548 3443 604 3498 quo
624 3426 685 3499 quis
695 3437 821 3479 Arctantur
832 3439 858 3476 et
874 3442 929 3498 quo
945 3424 1062 3480 delecta·

74 3532 129 3573 tur.
164 3519 232 3574 Hee.
253 3520 300 3574 IV
320 3510 347 3572 2.
368 3515 407 3570 18.
433 3521 548 3574 Satius
539 3541 592 3573 reru
611 3515 679 3575 teriet
696 3521 870 3574 studiorum
861 3532 982 3587 cetorum.
1002 3521 1061 3574 Cic.

75 3604 220 3688 proC'oeI.
235 3635 257 3669 c.
272 3611 313 3666 19
337 3616 522 3695 Relinquenda
538 3618 626 3672 studia
640 3617 837 3682 delectationis,
861 3616 989 3683 ludus,
980 3637 1063 3683 rocus,

75 3713 233 3764 convivium.
260 3706 305 3765 De
322 3710 420 3766 studiis
439 3709 654 3767 adolescentium
674 3714 830 3791 Atticorum
848 3711 904 3766 rid.
925 3704 1061 3766 Liudanb.

76 3804 156 3859 adh.
176 3804 240 3862 let
257 3811 329 3863 Sam.
348 3790 466 3862 Petituin
486 3811 519 3861 ed
537 3813 605 3888 Leg
624 3813 679 3864 Att
699 3829 726 3883 p
745 3806 819 3924 259
