2414 4470
166 185 207 247 ⁵0
371 192 374 197 ’
569 184 764 247 nicam

166 349 277 415 veniat,
298 349 466 423 sentiturque
485 347 704 421 facilius‚,qnam
723 349 902 421 exptimitnrs
921 347 1073 403 interdum
1091 347 1159 425 signi·

165 447 226 498 sicat
242 442 361 515 aliquam
388 445 626 515 consequentiam,
651 444 789 501 iserdum
816 441 1003 516 explicationi
1021 443 1076 497 vel
1092 460 1162 499 ntra·

81 583 87 603 ,
171 539 240 592 sioni
255 539 355 605 servit.

1135 562 1146 589 ι

239 612 313 691 ibid.
344 637 401 691 Hoc
423 656 503 708 agam
528 638 548 690 i.
569 657 593 690 e.
612 637 644 689 ad
665 637 718 690 hoc
736 612 881 689 attendnm.
900 632 969 691 Vid.
990 634 1028 689 ad
1048 639 1072 688 1.
1092 632 1166 687 215·

141 757 154 766 ·
242 734 268 787 5.
288 737 372 789 Serva
390 737 410 788 i.
429 756 453 790 e.
474 734 606 800 observat,
625 732 762 807 quaesibi
780 731 920 795 mandavi,
941 746 974 784 ut
993 734 1073 807 apud
1092 736 1165 787 tetis

242 831 269 884 9.
298 835 392 905 Neque
419 835 477 885 istic
496 846 549 884 etc·
569 833 588 885 i.
606 850 631 885 e.
649 847 676 883 et
693 831 723 882 in
741 830 793 882 hae
812 844 838 882 et
854 830 883 882 in
900 826 1041 884 omnibus
1059 831 1167 886 aliisrs·

174 925 226 980 bus
243 926 298 981 tibi
316 940 420 981 morem
439 944 532 1004 geram
551 924 749 991 lubentissime.
924 906 927 911 .

171 1013 175 1020 ’
245 1021 285 1074 11.
311 1023 377 1077 Cum
401 1025 494 1093 gratia
518 1022 536 1074 i.
563 1041 586 1077 e.
613 1036 642 1073 ut
667 1039 724 1073 non
749 1020 854 1074 invitm
880 1017 927 1071 sed
954 1017 1066 1081 lubens
1093 1024 1169 1079 istiu.

176 1118 242 1173 Liv.
268 1114 376 1169 XXIX.
402 1116 427 1168 1.
452 1113 479 1167 9.
517 1119 582 1175 Cum
607 1116 678 1170 bona
698 1118 789 1186 gratia
813 1122 854 1165 est
882 1111 997 1169 Phorm.
1021 1118 1077 1174 IV.
1097 1116 1169 1177 5216,

177 1215 224 1270 Sic
246 1214 276 1268 in
301 1208 366 1291 Leg-
394 1210 438 1265 32.
458 1210 547 1279 5.11.
573 1209 659 1262 Pand.
679 1208 713 1263 de
732 1206 822 1260 donat.
840 1207 914 1261 iuter
930 1209 985 1263 vir.
1008 1225 1040 1263 et
1059 1232 1109 1266 tut.
1126 1234 1169 1265 m.

180 1305 332 1364 trimontium
349 1309 419 1364 bona
436 1311 528 1380 gratia
545 1309 705 1361 dissolutam
722 1305 841 1371 dieitur,
862 1304 939 1379 quod
958 1326 1106 1364 consensu
1123 1329 1169 1365 mn·

177 1420 226 1459 tuo
244 1407 303 1459 sine
321 1403 433 1460 alterius
452 1425 487 1458 ex
507 1400 678 1477 coningibus
696 1399 807 1472 querela
824 1399 946 1455 solutum
965 1418 1021 1458 est.

248 1501 291 1555 12.
310 1486 375 1556 S'um
392 1522 471 1559 verua
487 1501 506 1553 i.
525 1520 549 1553 e.
568 1516 658 1553 nonne
674 1517 773 1553 verum
791 1497 871 1551 dixi?
888 1501 1004 1572 Proprie
1025 1496 1120 1569 vites,
1133 1505 1170 1577 qni

180 1599 280 1655 futuris
297 1595 485 1671 praedicendis
503 1614 560 1648 non
579 1594 694 1658 fallunt,
715 1598 771 1649 veri
787 1594 934 1661 dicuntur,
954 1611 984 1647 ut
1003 1599 1083 1671 apud
1102 1600 1169 1655 Gne·

182 1710 228 1744 cos
244 1688 364 1758 ἀληθεῖς.
382 1691 469 1746 Ovid.
484 1682 574 1765 Epist.
590 1694 626 1748 V.
642 1691 699 1743 123.
720 1693 765 1744 Ah
778 1693 886 1745 nimium
901 1708 975 1748 vates
988 1700 1169 1755 ntiseraemiii

181 1808 246 1842 vera
255 1785 354 1858 fuisti.
389 1787 613 1842 Hemstetitusius
632 1786 665 1839 ad
683 1788 758 1841 Tim.
777 1790 846 1840 Lex.
866 1810 894 1862 p.
913 1790 957 1861 82.

250 1884 322 1939 lbid.
341 1885 473 1939 Exaidare
490 1886 583 1956 aliqua
600 1904 628 1937 re
645 1899 685 1938 est
701 1883 816 1957 perdere
834 1876 909 1963 iem,
925 1906 1010 1960 quam
1031 1888 1168 1963 lnbnips

182 1981 230 2047 vel
248 1997 297 2036 nos
315 1978 461 2036 habituros
479 1981 661 2052 speravimus.
696 1982 760 2034 Liv.
779 1983 854 2055 Epit.
872 1984 915 2036 29.
933 1986 1095 2045 Masinissa
1110 1993 1167 2045 ons

181 2081 259 2133 derat
283 2097 375 2151 regno·
424 2077 469 2130 Sic
501 2077 574 2149 apud
600 2077 685 2131 ICtos·
705 2080 827 2132 excidere
845 2077 976 2150 formata
998 2097 1045 2137 est
1069 2084 1170 2155 perdas

180 2175 314 2228 actionem
340 2171 388 2229 vel
409 2175 453 2228 ius
477 2192 539 2228 eum
565 2174 659 2248 aliquo
677 2176 776 2253 egendi
793 2176 824 2229 in
840 2177 910 2232 iure.
946 2181 1065 2234 Sueten.
1085 2178 1165 2237 eins

181 2290 204 2351 e.
225 2269 266 2324 14.
285 2288 313 2325 et
330 2272 452 2327 Gronov.
470 2271 503 2325 ad
521 2276 617 2329 Senec.
636 2272 725 2346 Epist.
752 2272 812 2327 122.

252 2367 296 2424 15.
323 2368 435 2423 Verbum
458 2370 479 2421 i.
502 2389 527 2423 e.
552 2368 751 2442 proverbium,
777 2372 925 2436 sententia,
944 2384 975 2425 ut
992 2374 1077 2431 Eud..
1087 2368 1166 2434 125

182 2463 210 2518 6.
229 2481 256 2519 et
274 2464 351 2520 aiibi.

254 2563 296 2617 16.
318 2567 416 2620 Omnes
434 2566 528 2618 melius
545 2583 599 2617 esse
616 2566 636 2618 i.
654 2584 676 2618 e.
690 2562 786 2619 felices
802 2585 833 2619 ac
850 2563 944 2621 beatos
957 2571 1024 2623 e'sse.
1065 2568 1170 2645 Adelph

183 2664 251 2720 1.1.
278 2663 303 2716 9.
344 2678 368 2716 et
394 2663 441 2715 eibi
468 2663 530 2715 bene
557 2683 610 2716 esse
631 2664 699 2729 soli,
733 2684 792 2718 enm
814 2665 865 2717 sibi
889 2670 924 2718 sit
949 2667 1028 2719 maie.
1075 2666 1170 2724 ‘Caedi

184 2767 290 2820 Xx111.
317 2762 358 2817 15.
385 2766 477 2844 Quane
501 2782 553 2816 non
570 2762 618 2814 tibi
635 2766 670 2816 sit
687 2762 750 2816 bene-
768 2782 799 2814 ac
816 2762 907 2825 beate,
934 2739 984 2836 pre
1011 2783 1073 2845 qsto
1091 2769 1123 2821 in
1138 2782 1172 2819 es·

185 2864 248 2919 dem
274 2881 353 2917 earm.
379 2880 407 2914 v.
435 2858 460 2915 5.
484 2858 551 2912 dicit
568 2871 607 2911 est
622 2860 714 2931 pulcre
731 2859 797 2925 tibi,
827 2849 865 2912 ιη’
881 2862 975 2916 Horat.
995 2862 1090 2920 Serm.
1105 2856 1173 2915 115.

188 2958 231 3014 19.
248 2962 342 3034 pulcre
350 2953 443 3029 faerit
460 2957 518 3010 tibi·
537 2953 603 3011 Vid.
620 2953 761 3009 Bentleius
777 2955 810 3010 sd
826 2957 856 3009 h.
874 2956 894 3009 l·
940 3002 945 3013 .

258 3056 301 3114 18.
319 3058 436 3110 Memini
452 3056 508 3110 iere
526 3074 588 3109 eum
605 3055 744 3109 infinitivo
763 3075 850 3129 praes.
869 3057 1057 3126 construitur,
1077 3080 1115 3115 ne
1130 3038 1175 3113 dtis

187 3155 330 3227 praetenta
355 3167 526 3206 concurrant.
569 3152 629 3205 Nec
656 3168 747 3207 tamen
765 3152 863 3208 desunt
880 3156 1024 3230 exempla,
1056 3159 1110 3216 ubi
1125 3174 1176 3215 οιιΙ

189 3252 331 3305 infinitivo
355 3264 439 3319 pinet.
464 3250 594 3325 iungitur.
626 3248 717 3303 Sanct.
747 3252 818 3305 Min.
844 3256 868 3305 1.
895 3249 936 3307 14.
962 3274 990 3327 p.
1019 3254 1084 3313 109.
1109 3268 1179 3333 πμ

190 3343 328 3399 Drakenb.
348 3345 381 3398 ad
399 3345 616 3402 Liv..xnxv1.
635 3345 678 3399 54.
700 3344 725 3399 d.
1093 3350 1097 3357 '

262 3440 334 3494 ibid.
363 3445 424 3519 Quo
449 3440 470 3494 i.
495 3449 521 3492 ἐ.
546 3460 647 3512 quare,
666 3458 841 3523 quapropter.
881 3444 1003 3519 Adelph.
1031 3450 1085 3507 tv.
1104 3444 1179 3505 Mi.

191 3560 244 3613 quo
267 3546 353 3615 magis
379 3562 447 3614 qnae
475 3545 535 3612 agis
560 3560 640 3594 curae
663 3555 724 3595 sunt
751 3545 824 3595 milii.
867 3542 924 3596 cic.
951 3543 984 3597 ad
1001 3546 1077 3603 Div.
1096 3552 1131 3607 V.
1146 3544 1180 3601 12

192 3645 254 3722 Quo
273 3640 338 3691 mihi
354 3638 480 3690 acciderit
497 3640 631 3709 optatius,
649 3636 700 3692 ubi
716 3637 774 3692 vid.
792 3638 945 3696 Manutius.
999 3632 1005 3643 ’
1067 3690 1071 3697 .
