2414 4470
76 333 79 343 Ι
150 252 210 315 102
536 271 752 339 ιιιιοτιτι

156 441 203 473 cur
221 422 241 472 is
234 420 325 494 quid
348 437 385 472 esc
411 436 517 492 queque
542 421 649 472 eueniat
676 419 828 490 perspicere
853 437 910 473 nen
935 423 1057 495 possint.
1099 421 1154 478 Vici.

152 517 261 573 Duker.
279 517 314 573 sd
332 515 405 573 Flor.
425 518 462 572 11.
481 514 500 571 6
528 538 557 593 Ρ.
574 516 637 572 291.

224 615 250 668 3.
278 617 360 698 Quod
384 633 449 673 cum
478 615 540 670 eliis
564 613 709 690 particulis
729 613 893 695 elegenter'
883 619 1026 698 iungitur.
1065 621 1154 676 Caesar

153 717 188 771 B.
205 714 240 768 G.
259 710 294 766 Ῐ.
302 708 347 767 44.
367 714 441 788 quod
458 718 509 768 nisi
503 715 653 780 discedat,
671 734 728 767 sese
735 716 822 768 iilum
838 734 889 788 pro
905 717 986 768 hoste
1000 717 1154 771 habiturum.

153 809 265 865 Sallust.
285 810 369 866 catil.
386 832 418 864 c.·
430 809 472 864 18.
492 812 594 886 quodni
613 813 737 866 Catilina
754 827 926 879 maturasset,
949 813 1007 868 ubi
1022 815 1081 870 vid.
1094 816 1155 870 Cor-

152 912 236 967 tium.
273 912 315 965 Ite
332 928 399 964 mox
417 908 491 984 apud
510 907 675 963 Terentium
688 912 774 983 'quod
799 913 910 964 utinam
950 911 1012 965 Cic.
1028 912 1073 968 *sd
1095 913 1154 967 niv.

151 1010 231 1067 XIV·
252 1007 277 1064 5.
298 1010 371 1084 quod
397 1011 500 1062 utinam
525 1013 612 1061 suiuus
635 988 712 1061 =vitae
739 1009 833 1098 capidi
846 1004 1015 1080 fuissemus.
1052 1013 1153 1068 Sallust.

153 1109 215 1184 lug.
235 1127 259 1160 c.
279 1103 324 1160 14.
342 1106 416 1180 quod
434 1110 536 1161 catinam
555 1109 633 1162 iilum
651 1109 742 1161 eadem
760 1111 827 1162 haec
847 1113 1025 1168 simulantem
1050 1116 1157 1179 uideam,

56 1251 59 1261 ,
154 1198 204 1255 ubi
221 1200 300 1274 plura
318 1198 439 1271 Cautius.
458 1203 589 1276 Plerique
605 1206 678 1279 quod
695 1207 726 1259 iu
744 1205 795 1260 luc
813 1205 935 1262 formula
956 1208 1157 1286 abundarepu·
1203 1258 1205 1277 ,

156 1311 222 1349 tant.
249 1298 394 1350 Manutius
413 1298 446 1349 ad
466 1298 526 1352 cic.
544 1297 565 1352 l.
584 1319 608 1351 c.
629 1318 678 1371 pro
697 1301 743 1354 sed
760 1302 874 1375 accipit.

226 1392 254 1450 9.
281 1398 371 1477 Quam
395 1416 469 1471 mose
480 1392 619 1473 elegantes
636 1397 740 1453 dicitur
756 1381 807 1476 Ριο
827 1416 919 1474 quam·
934 1407 1007 1458 cita·
1039 1404 1106 1458 eis:
1116 1421 1158 1477 pso

157 1491 241 1545 Roec
262 1490 344 1545 Com.
364 1509 389 1543 c.
411 1487 453 1542 15.
474 1493 540 1564 quid
558 1506 699 1563 empectus
717 1514 802 1566 quam
816 1514 882 1549 masc
909 1515 962 1569 ego
991 1500 1120 1552 Luscium
1141 1511 1160 1550 et

104 1589 114 1600 '
158 1591 314 1646 Manilium
338 1591 427 1645 dicam
451 1591 545 1645 ordine
568 1609 624 1645 esse
647 1603 792 1645 senatores
827 1593 892 1646 Liv.
912 1592 1056 1653 XXXIV.
1077 1596 1118 1649 11
1141 1611 1160 1650 et

161 1708 243 1764 quam
267 1671 332 1743 mon
354 1691 440 1761 siguis
466 1690 575 1743 collatis
599 1688 782 1742 dimicandum
809 1689 895 1744 sibi'
885 1707 915 1745 ιιι
937 1691 999 1744 dies
1023 1672 1162 1765 exspectet,

159 1789 213 1845 ubi
230 1788 291 1844 vid.
311 1789 481 1843 Gronovius.

231 1886 273 1940 1³.
302 1885 503 1963 Fruitproprie
527 1886 556 1938 in
580 1903 609 1939 re
627 1903 754 1939 amorum
772 1883 922 1961 iicunmr„
948 1886 1002 1961 qui
1023 1887 1163 1958 potiuntur

141 1996 144 2002 “
163 2005 216 2057 eo,
234 1984 428 2058 quodamcnt.
466 1982 534 2055 Viti.
552 1983 661 2038 Duker.
680 1984 714 2038 aci
732 1982 806 2037 Flos.
825 1985 875 2041 IV.
894 1981 937 2035 11.
956 2002 986 2056 Ρ.
1005 1982 1072 2038 115.

84 2139 87 2146 ,
141 2132 144 2143 ,
234 2083 280 2142 14.
300 2086 442 2159 Depacisci
455 2080 501 2137 vel
516 2083 648 2155 depecisci
663 2095 748 2136 auerte
762 2095 802 2134 est
815 2077 1165 2154 talempsctiouemiuire,

164 2201 197 2244 ut
214 2207 251 2241 ne
266 2198 384 2252 mertem
404 2178 520 2253 quidem
538 2196 664 2245 recuses,
691 2176 849 2242 dummodo
866 2193 1054 2254 cem-gratam
1075 2179 1166 2233 haben

163 2283 254 2340 liceat.
274 2282 334 2336 Cic.
355 2278 388 2334 ad
398 2279 491 2333 inuio.
510 2279 562 2331 IX.
580 2277 606 2334 1.
625 2298 684 2334 cum
702 2265 771 2332 eaiiu
789 2291 830 2332 tat
847 2279 1034 2349 impendeant,
1056 2276 1106 2335 ier
1122 2299 1167 2335 ma

165 2381 351 2435 honestissimo
367 2377 489 2449 periculo
515 2376 644 2448 depecisci
669 2379 761 2432 velim.
794 2377 875 2453 Virg.
893 2380 963 2431 Aen.
983 2379 1053 2432 XII.
1073 2375 1117 2434 49.
1136 2382 1168 2434 ie·

165 2493 273 2553 tumque
289 2482 362 2532 sinas
381 2496 431 2549 pro
450 2477 532 2532 lau‘de
548 2478 656 2551 pacisci.
674 2479 784 2532 Poterit
800 2478 884 2531 etiem
898 2480 1052 2534 Terentius
1070 2481 1169 2553 dixisse

165 2574 295 2645 depecisci
310 2577 379 2641 uita,
398 2588 430 2626 ut
445 2574 523 2649 Virg.
539 2577 609 2628 Aen.
624 2576 659 2630 V.
675 2573 737 2630 100.
755 2577 892 2649 vitamque
909 2579 1008 2632 volunt
1021 2599 1077 2651 pro
1090 2580 1169 2646 ‚laude

166 2657 275 2740 pacisci.
310 2671 385 2724 Nam
403 2687 554 2747 utrumque
576 2670 677 2726 eodem
699 2671 780 2728 redit.
812 2672 879 2729 vid.
896 2672 1047 2730 Bentleius
1066 2677 1100 2731 ed
1117 2679 1169 2732 Ho-

55 2841 58 2854 .
168 2780 219 2826 rat.
238 2766 329 2822 Germ.
349 2771 400 2823 111.
422 2768 464 2823 14.
483 2769 511 2825 2.

237 2861 284 2918 22.
311 2865 355 2918 De
378 2867 484 2938 integro
507 2863 527 2917 i.
547 2883 571 2944 e.
590 2863 725 2918 derebus
743 2864 836 2921 adhuc
854 2866 979 2946 integris.
1015 2870 1089 2926 Hec.
1108 2873 1129 2924 1.
1146 2869 1169 2924 1.

168 2960 194 3020 5.
212 2965 284 3020 alias
302 2978 335 3018 us
350 2967 391 3018 usi
406 2967 507 3037 passim
525 2983 608 3018 caasa
626 2965 676 3016 hac
694 2965 810 3036 integra,
831 2965 881 3017 ubi
892 2964 959 3018 sid.
979 2979 1087 3021 notate.

136 3132 137 3135 Ἴ
194 3119 196 3123 ,
237 3058 282 3116 14.
306 3063 343 3116 Ue
360 3081 443 3137 neque
459 3065 517 3117 eius
533 3064 570 3116 sit
587 3062 738 3115 amittendi.
762 3062 925 3117 Notandum
944 3064 1093 3117 amittendi
1108 3062 1174 3135 poni

129 3140 130 3143 ¹
168 3181 219 3236 pro
237 3163 408 3225 amittendae.
449 3162 522 3216 Num
549 3143 716 3238 gerundia
707 3179 738 3213 ιιι
765 3161 807 3214 di
820 3159 1017 3241 adiunguntur
1038 3160 1172 3236 genitivis

170 3261 317 3332 utriusque
340 3262 450 3338 genesii
477 3277 505 3316 et
528 3262 645 3316 numeri.
682 3262 810 3320 InfraV.
827 3257 855 3318 ὁ.
872 3255 918 3314 40.
936 3259 970 3314 de
989 3260 1125 3316 muliere
1119 3281 1173 3335 po·

170 3368 293 3408 testatem
309 3362 366 3412 eius
384 3359 499 3415 habendi
516 3379 543 3414 se
560 3360 635 3414 dare.
656 3358 742 3414 ovid.
760 3361 851 3433 Epist.
869 3359 936 3413 XX.
953 3337 999 3412 14.
990 3366 1098 3436 .capia
1114 3364 1174 3436 pla·-

170 3453 273 3507 caudae
290 3460 326 3509 sit
343 3458 424 3513 modo
440 3479 531 3536 parua
548 3463 598 3514 tui.
618 3457 683 3517 Vid.
702 3461 801 3511 Sanct·
811 3458 934 3512 Minerv.
954 3459 1008 3512 111.
1023 3456 1049 3512 8.
1070 3481 1098 3536 Ρ.
1091 3459 1172 3516 .4.51

172 3550 260 3607 stibi
278 3554 446 3610 Perizonius.
483 3559 571 3626 Sunt,
598 3558 649 3631 qui
672 3555 702 3611 h.
724 3552 747 3610 1.
771 3553 865 3631 legent
886 3566 922 3611 'ut
948 3576 1033 3632 neque
1052 3561 1171 3615 mihiius

171 3654 208 3708 sit
231 3653 396 3719 amittendi,
411 3653 459 3707 sed
478 3653 620 3734 vulgatam
637 3658 798 3731 sciiptuuuu
818 3654 888 3714 bens
911 3657 1039 3737 eiciendis
1061 3660 1170 3717 Servius

172 3746 207 3802 sd
225 3748 302 3824 virg.
320 3748 389 3804 Aen.
409 3751 461 3806 x1.
480 3751 544 3809 615.
566 3763 568 3768 ’
