2414 4470
95 173 153 236 ‘tt-‘t
303 173 305 178 ’
500 199 699 242 ιιιιτιτι

94 358 147 399 rat.
183 346 235 398 ΙΙΙ.
261 341 308 397 49.
334 346 388 397 iam
414 361 466 417 pro
481 339 607 415 'imperio
638 345 764 400 Valerius
796 347 934 401 discedere
959 370 978 403 a
1001 353 1107 422 priuato

96 447 203 501 lictores
220 446 338 500 iubebat.

80 602 83 609 ¹
170 538 216 598 24.
235 545 266 598 Si
283 560 314 594 eo
333 559 404 592 meae
413 535 552 610 fortunae
571 541 680 596 redeunt
707 541 736 594 h.
757 563 782 597 e.
806 544 884 596 siin
908 563 957 598 eas
975 547 1108 649 angustias

101 654 259 716 coguntur,
280 628 449 714 rediguntur
465 654 508 690 sss
527 652 613 692 meae.

171 733 216 788 29.
236 736 426 804 Commeruisse
451 735 598 804 culpam
589 752 608 786 1.
628 753 653 788 e.
679 735 847 790 contraxisse
873 734 1011 810 culpam,
1035 729 1109 791 ideo·

101 852 157 906 que
176 832 384 911 castigationem
412 829 473 884 sive
499 848 618 902 poenam
645 829 851 893 commeruisse.
885 829 981 888 Plaut.
997 833 1111 907 Captiv.

102 933 141 984 ΙΙ.
161 929 188 982 5.
204 927 250 982 45.
267 947 351 1001 neque
376 940 402 977 te
426 930 610 981 commeruisse
634 931 744 1000 culpam
771 949 853 1003 aeque
880 950 921 984 me
940 932 1111 989 aduersatutn

103 1003 168 1088 tali,-
187 1043 227 1082 est
244 1027 334 1102 igitur
351 1021 513 1076 antecedens
531 1040 585 1094 pro
603 1026 805 1098 consequenti.

176 1121 220 1174 51.
240 1125 307 1176 Cum
325 1123 373 1175 hoc
392 1142 445 1175 nan
462 1138 573 1193 possum
592 1119 653 1179 scil.
669 1120 780 1190 facete,
798 1117 831 1178 ιιι
848 1122 924 1200 apud
942 1144 991 1179 me
1008 1127 1074 1181 situ.

176 1215 221 1273 55.
241 1221 326 1274 Serva
345 1219 374 1275 lt.
392 1238 418 1273 e.
436 1218 526 1271 retina
544 1216 620 1272 hune
637 1217 761 1278 vultum.
820 1246 824 1257 ⁴

178 1317 223 1373 56.
241 1319 335 1372 Saeuis
353 1319 439 1401 dietis.
475 1316 520 1369 Ex
537 1315 651 1369 Donato
670 1330 698 1368 et
713 1334 780 1372 mss.
798 1315 950 1397 legendum
970 1335 1011 1375 est
1029 1323 1114 1375 saeni-

109 1421 175 1474 dicis
193 1421 281 1474 dictis.
639 1398 644 1407 ¹
705 1402 708 1407 1
825 1476 828 1482 .

178 1515 251 1570 Ibid.
274 1517 416 1574 Protelare
441 1529 482 1567 est
498 1511 673 1587 propellere,
692 1499 864 1585 perturbare.
903 1512 1022 1569 Sisenna
1046 1510 1126 1588 apud*

39 1591 43 1600 ,
109 1615 183 1670 Non.
212 1598 343 1669 Marcell.
370 1632 400 1684 p.
427 1607 491 1663 565.
516 1611 655 1664 Romanos
679 1612 781 1682 impetu
802 1631 853 1666 suc
875 1591 1028 1682 protelant.
1054 1611 1115 1672 Vid.

110 1710 220 1764 Duker.
239 1709 274 1762 de
292 1710 409 1763 Latinis.
425 1709 490 1765 Vet.
511 1707 645 1760 ICtorum
664 1724 693 1780 p.
712 1704 772 1759 551.

179 1807 227 1861 45.
249 1807 368 1862 Pendens
388 1804 484 1858 soih-a
503 1801 587 1856 trabe.
607 1803 674 1861 vid.
692 1817 749 1857 not.
768 1803 801 1857 ad
819 1803 893 1858 Eun.
912 1804 949 1861 V.
969 1800 997 1860 6.
1017 1803 1065 1860 20.

181 1903 257 1957 lbid.
276 1904 340 1958 Nisi
358 1903 430 1976 quid·
441 1920 482 1954 me
492 1889 635 1971 fefellerit
652 1902 715 1957 scil.
736 1901 854 1976 opinio,
873 1904 953 1976 quod
975 1924 1059 1981 saepe
1076 1906 1121 1960 ad·

80 2001 84 2009 ’
115 2004 202 2058 ditur.
221 2054 224 2063 ,
241 2001 500 2075 cic.=p1·o'l)0mo
526 2016 550 2051 c·
574 1996 622 2053 45.
648 1999 789 2054 tantumne
809 2014 836 2052 te'
851 1997 965 2072 Μεῖῖἰι
981 1994 1122 2062 ιιιιιιήιὶὶιί

31 2158 32 2176 ¹
62 2160 67 2172 .
115 2121 219 2155 summa
241 2115 267 2154 et
284 2100 404 2174 quotidie
423 2102 528 2153 maiora
545 2101 668 2168 pruentia
690 2099 719 2151 in
743 2098 882 2171 republicis
899 2095 970 2170 fore
993 2103 1121 2173 putabas.

115 2198 193 2253 Idem
214 2196 248 2251 atl
267 2197 338 2249 Dir.
357 2193 459 2251 Veto.
476 2196 527 2247 nisi
545 2194 612 2266 qrsid
627 2213 667 2245 ms
677 2189 772 2284 fallit.

66 2296 69 2303 '
186 2293 232 2365 46
254 2289 344 2362 Anser
362 2293 429 2345 milri
446 2289 596 2362 oporteti.
588 2309 642 2345 .e.
667 2291 766 2343 omitte
785 2288 903 2345 verbum
922 2302 1005 2365 opor
1006 2309 1043 2348 et
1080 2294 1124 2350 Γιι·

115 2392 157 2445 lta
175 2394 209 2448 V.
231 2389 327 2445 6.1.8
349 2394 414 2463 quin
435 2403 464 2442 tu
484 2391 545 2443 lrinc
560 2390 773 2460 pollicitationes
789 2383 876 2458 aufer.
919 2387 1018 2444 Horat.
1039 2395 1123 2447 Serm.

180 2459 282 2569 1.,42
309 2482 390 2556 aufer
411 2504 452 2537 me
475 2486 556 2538 vultu
582 2498 687 2539 terrere
738 2482 864 2538 Iuveuel
891 2486 943 2541 VI.
973 2485 1038 2540 17⁰.
1062 2492 1127 2544 tolle
1155 2545 1161 2556 ,

119 2597 195 2636 tuum
212 2603 307 2653 precor
320 2582 518 2636 Hannibalem,
538 2580 602 2636 via
622 2584 773 2635 Burmann.
793 2580 827 2635 ad
843 2582 959 2636 Phaedr.
980 2585 1082 2639 11116.
1102 2585 1125 2639 8.
1154 2582 1157 2587 ’

193 2675 236 2731 52.
258 2681 291 2733 ln
307 2679 421 2731 insidiis.
459 2677 520 2730 Alii
535 2676 604 2731 libri
621 2678 771 2734 habentia
787 2679 928 2748 subsidiis,
948 2683 1027 2753 quod
1045 2686 1128 2740 Bent-

119 2775 191 2845 lcius
209 2774 339 2863 praefert:
375 2773 503 2826 Subsidia
521 2770 654 2827 dicuntur
671 2773 787 2844 milites,
806 2779 856 2849 qui
873 2779 972 2851 primis
995 2780 1127 2838 delicien-

118 2861 195 2928 tibus
215 2845 429 2927 submittuntur.
465 2869 557 2929 Hinc
553 2889 645 2945 saepe
653 2873 809 2928 subsidiarii
822 2891 1005 2949 opponuntur
1021 2883 1128 2955 primae

122 2974 201 3029 aciei

193 3069 239 3126 55.
258 3074 477 3127 Succenturiatas
495 3088 542 3124 ero
559 3064 588 3123 h.
608 3085 633 3125 e.
652 3067 704 3123 tibi
723 3069 862 3124 deficienti
880 3071 1034 3127 succedam.
1063 3072 1129 3131 'Cen-

124 3189 227 3226 terrare
254 3175 352 3227 milites
378 3185 419 3223 est
443 3171 473 3224 in
490 3187 550 3222 suas
574 3167 672 3222 classes
691 3168 819 3235 deferre,
839 3167 1043 3226 succenturiare
1068 3193 1130 3227 can·

125 3270 225 3321 turiam
255 3267 428 3322 deficientem
453 3266 575 3341 explere.
600 3265 664 3326 Vid.
691 3268 805 3320 Festum
822 3266 903 3324 iah.
923 3287 952 3324 v
979 3285 1007 3353 et
1018 3268 1129 3327 Donat.

126 3361 209 3420 sdh.
228 3361 249 3416 1.
858 3374 861 3379 ’

480 3497 581 3559 ACT.
607 3501 642 3558 tt.
669 3499 727 3561 SC.
754 3505 779 3560 1.

199 3621 229 3695 2!
246 3640 312 3695 Non
330 3645 494 3698 simultatem
510 3664 594 3700 meam
612 3645 765 3711 reverentii.
785 3664 809 3702 e.
827 3663 885 3700 ιιοιι
902 3648 1009 3704 teritus
1028 3666 1080 3720 est,
1097 3672 1131 3708 ne
1156 3668 1164 3675 ·

31 3742 33 3746 ⁴
128 3742 254 3797 animum
271 3758 369 3797 meum
388 3742 555 3800 offenderet.
